@article{minkler2005improving,
  title={Improving health through community organization},
  author={Minkler, Meredith and Wallerstein, Nina},
  journal={Community organizing and community building for health},
  pages={26--51},
  year={2005}
}


@article{Batagelj2001,
	author = {Batagelj, Vladimir and Mrvar, Andrej},
	doi = {10.1016/S0378-8733(01)00035-1},
	issn = {03788733},
	journal = {Social Networks},
	keywords = {05C85,05C90,68R10,68W40,91D30,93A15,Algorithm,Large networks,Triad census},
	number = {3},
	pages = {237--243},
	title = {{A subquadratic triad census algorithm for large sparse networks with small maximum degree}},
	volume = {23},
	year = {2001}
}


@inproceedings{DeChoudhury2016,
 author = {De Choudhury, Munmun and Kiciman, Emre and Dredze, Mark and Coppersmith, Glen and Kumar, Mrinal},
 title = {Discovering Shifts to Suicidal Ideation from Mental Health Content in Social Media},
 booktitle = {Proceedings of the 2016 CHI Conference on Human Factors in Computing Systems},
 series = {CHI '16},
 year = {2016},
 isbn = {978-1-4503-3362-7},
 location = {San Jose, California, USA},
 pages = {2098--2110},
 numpages = {13},
 url = {http://doi.acm.org/10.1145/2858036.2858207},
 doi = {10.1145/2858036.2858207},
 acmid = {2858207},
 publisher = {ACM},
 address = {New York, NY, USA},
 keywords = {mental health, reddit, social media, suicidal ideation},
} 

@article{d20122,
  title={2 Social Networks: A New Source of Psychological Stress or a Way to Enhance Self-esteem? Negative and Positive Implications in Bronchial Asthma},
  author={Cecchi, L and Liccardi, G and Pellegrino, F and Sofia, M},
  journal={Journal of Investigational Allergology and Clinical Immunology},
  volume={22},
  number={6},
  pages={402},
  year={2012}
}


@article{gkotsis2017characterisation,
  title={Characterisation of mental health conditions in social media using Informed Deep Learning},
  author={Gkotsis, George},
  journal={Scientific Reports},
  volume={7},
  pages={45141},
  year={2017},
  publisher={Nature Publishing Group}
}

@article{DeChoudhury2014,
	author = {{De Choudhury}, Munmun and De, Sushovan},
	isbn = {9781577356578},
	journal = {Proceedings of the Eight International AAAI Conference on Weblogs and Social Media},
	keywords = {Full Papers},
	pages = {71--80},
	title = {{Mental Health Discourse on reddit: Self-Disclosure, Social Support, and Anonymity}},
	year = {2014}
}

@article{Blei2003,
	archivePrefix = {arXiv},
	arxivId = {1111.6189v1},
	author = {Blei, David M and Edu, Blei@cs Berkeley and Ng, Andrew Y and Edu, Ang@cs Stanford and Jordan, Michael I and Edu, Jordan@cs Berkeley},
	doi = {10.1162/jmlr.2003.3.4-5.993},
	eprint = {1111.6189v1},
	isbn = {9781577352815},
	issn = {15324435},
	journal = {Journal of Machine Learning Research},
	pages = {993--1022},
	pmid = {21362469},
	title = {{Latent Dirichlet Allocation}},
	volume = {3},
	year = {2003}
}
